@ARTICLE{AFO2019b,
    author = {Andrearczyk, Vincent and Fageot, Julien and Oreiller, Valentin and Montet, Xavier and Depeursinge, Adrien},
     title = {Local Rotation Invariance in 3{D} {CNNs}},
   journal = {Medical Image Analysis},
      year = {to appear}
}

@article{Petkov1997,
author = {Petkov, N. and Kruizinga, P.},
journal = {Biological Cybernetics},
month = {February},
number = {2},
pages = {83--96},
publisher = {Springer Verlag},
title = {{Computational models of visual neurons specialised in the detection of periodic and aperiodic oriented visual stimuli: Bar and grating cells}},
volume = {76},
year = {1997}
}


@misc{Uns2012,
  author        = {Michael Unser},
  title         = {{Image Processing I and II}},
  year          = {2012},
  howpublished = {Ecole polytechnique f\'{e}d\'{e}rale de Lausanne (EPFL)}
}

@article{Bianconi2007,
author = {Bianconi, Francesco and Fern\'{a}ndez, Antonio},
journal = {Pattern Recognition},
month = {December},
number = {12},
pages = {3325--3335},
publisher = {Pergamon},
title = {{Evaluation of the effects of Gabor filter parameters on texture classification}},
url = {https://www.sciencedirect.com/science/article/pii/S003132030700218X},
volume = {40},
year = {2007}
}

@article{Her2016,
author = {{Hernandez-Cerdan, P.}, Eero P.},
journal = {The Insight Journal},
pages = {1--20},
title = {{Isotropic and Steerable Wavelets in N Dimensions. A multiresolution analysis framework.}},
url = {http://hdl.handle.net/10380/3558},
volume = {1},
year = {2016}
}


@article{UnV2010,
author = {Unser, Michael and {Van De Ville}, Dimitri},
journal = {IEEE Transactions on Image Processing},
month = {March},
number = {3},
pages = {636-652},
title = {Wavelet Steerability and the Higher-Order {R}iesz Transform},
volume = {19},
year = {2010}
}

@article{UCV2011,
author = {Unser, Michael and Chenouard, Nicolas and {Van De Ville}, Dimitri},
journal = {IEEE Transactions on Image Processing},
month = {October},
number = {10},
pages = {2705-2721},
title = {{Steerable Pyramids and Tight Wavelet Frames in $L_2(\mathbb{R}^d)$}},
volume = {20},
year = {2011}
}

@article{PoS2000,
address = {Hingham, MA, USA},
author = {Portilla, Javier and Simoncelli, Eero P.},
journal = {International Journal of Computer Vision},
number = {1},
pages = {49-70},
publisher = {Kluwer Academic Publishers},
title = {{A Parametric Texture Model Based on Joint Statistics of Complex Wavelet Coefficients}},
volume = {40},
year = {2000}
}


@incollection{DeF2017,
author = {Depeursinge, Adrien and Fageot, Julien},
booktitle = {Biomedical Texture Analysis: Fundamentals, Tools and Challenges},
pages = {55--94},
publisher = {Elsevier},
series = {Elsevier-MICCAI Society Book series},
title = {{Biomedical Texture Operators and Aggregation Functions: A Methodological Review and User's Guide}},
year = {2017}
}

@inproceedings{Qian2006,
author = {Qian, Zhen and Metaxas, Dimitris N and Axel, Leon},
booktitle = {2006 International Conference of the IEEE Engineering in Medicine and Biology Society},
isbn = {1-4244-0032-5},
month = {August},
pages = {711--714},
publisher = {IEEE},
title = {{Extraction and Tracking of MRI Tagging Sheets Using a 3D Gabor Filter Bank}},
year = {2006}
}


@article{ChU2012,
author = {Chenouard, Nicolas and Unser, Michael},
journal = {IEEE Transactions on Image Processing},
number = {11},
pages = {4522--4533},
title = {{3D Steerable Wavelets in Practice}},
volume = {21},
year = {2012}
}

@article{DMP2017,
author = {{Dicente Cid}, Yashin and M{\"{u}}ller, Henning and Platon, Alexandra and Poletti, Pierre-Alexandre and Depeursinge, Adrien},
journal = {IEEE Transactions on Image Processing},
number = {4},
pages = {1899--1910},
title = {{3–D Solid Texture Classification Using Locally–Oriented Wavelet Transforms}},
volume = {26},
year = {2017}
}

@article{WHS2018,
archivePrefix = {arXiv},
arxivId = {1711.07289},
author = {Weiler, Maurice and Hamprecht, Fred A and Storath, Martin},
eprint = {1711.07289},
journal = {CoRR},
title = {{Learning Steerable Filters for Rotation Equivariant CNNs}},
url = {http://arxiv.org/abs/1711.07289},
volume = {abs/1711.0},
year = {2018}
}


@article{Depeursinge2017,
author = {Depeursinge, A. and Puspoki, Z. and Ward, J.P. and Unser, M.},
doi = {10.1109/TIP.2017.2655438},
issn = {10577149},
journal = {IEEE Transactions on Image Processing},
number = {4},
title = {{Steerable wavelet machines (SWM): Learning moving frames for texture classification}},
volume = {26},
year = {2017}
}

@inproceedings{AFO2019,
author = {Andrearczyk, Vincent and Fageot, Julien and Oreiller, Valentin and Montet, Xavier and Depeursinge, Adrien},
booktitle = {Medical Imaging with Deep Learning},
series = {MIDL},
title = {{Exploring local rotation invariance in 3D CNNs with steerable filters}},
year = {2019}
}

@article{Winkels2019,
author = {Winkels, Marysia and Cohen, Taco S.},
issn = {13618423},
journal = {Medical Image Analysis},
keywords = {CT scans,Convolutional neural networks,Deep learning,Equivariance,Pulmonary nodule detection},
month = {jul},
pages = {15--26},
publisher = {Elsevier B.V.},
title = {{Pulmonary nodule detection in CT scans with equivariant CNNs}},
volume = {55},
year = {2019}
}
@inproceedings{Weiler2018,
arxivId = {1807.02547},
author = {Weiler, Maurice and Geiger, Mario and Welling, Max and Boomsma, Wouter and Cohen, Taco},
booktitle = {Advances in Neural Information Processing Systems},
pages = {10381--10392},
publisher = {Neural information processing systems foundation},
title = {{3D steerable CNNs: Learning rotationally equivariant features in volumetric data}},
volume = {2018-December},
year = {2018}
}

@inproceedings{bekkers2018roto,
  title={Roto-translation covariant convolutional networks for medical image analysis},
  author={Bekkers, E. J. and Lafarge, M. W. and Veta, M. and Eppenhof, K. AJ. and Pluim, J. PW and Duits, R.},
  booktitle={International Conference on Medical Image Computing and Computer-Assisted Intervention},
  pages={440--448},
  year={2018},
  organization={Springer}
}


@article{CoW2016b,
author = {Cohen, Taco S and Welling, Max},
journal = {CoRR},
title = {{Group Equivariant Convolutional Networks}},
url = {http://arxiv.org/abs/1602.07576},
volume = {abs/1602.0},
year = {2016}
}

@article{Tamura1978,
author = {Tamura, Hideyuki and Mori, Shunji and Yamawaki, Takashi},
journal = {IEEE Transactions on Systems, Man and Cybernetics},
number = {6},
pages = {460--473},
title = {{Textural Features Corresponding to Visual Perception}},
volume = {8},
year = {1978}
}

@inproceedings{KaM2010,
author = {Kakarala, Ramakrishna and Mao, Dansheng},
booktitle = {Proceedings of the IEEE Computer Society Conference on Computer Vision and Pattern Recognition},
pages = {105--112},
publisher = {IEEE},
title = {{A theory of phase-sensitive rotation invariance with spherical harmonic and moment-based representations}},
year = {2010}
}

@inproceedings{eickenberg2017solid,
  title={Solid harmonic wavelet scattering: {Predicting} quantum molecular energy from invariant descriptors of {3D} electronic densities},
  author={Eickenberg, Michael and Exarchakis, Georgios and Hirn, Matthew and Mallat, St{\'e}phane},
  booktitle={Advances in Neural Information Processing Systems},
  pages={6540--6549},
  year={2017}
}

@inproceedings{Depeursinge2018,
author = {Depeursinge, Adrien and Fageot, Julien and Andrearczyk, Vincent and Ward, John Paul and Unser, Michael},
title = {{Rotation Invariance and Directional Sensitivity: Spherical Harmonics versus Radiomics Features}},
booktitle = {Machine Learning in Medical Imaging},
year= {2018},
publisher= {Springer International Publishing},
address={Cham},
month = {September},
pages = {107-115},
isbn = {978-3-030-00919-9}
}


@inproceedings{Dut1989,
author = {Dutilleux, P.},
editor = {Combes, Jean-Michel and Grossmann, Alexander and Tchamitchian, Philippe},
pages = {298--304},
publisher = {Springer, Berlin, Heidelberg},
title = {{An Implementation of the “algorithme {\`{a}} trous” to Compute the Wavelet Transform}},
booktitle = {Wavelets},
year = {1990},
isbn = {978-3-642-75988-8}
}

@article{ZLV2017,
author = {Zwanenburg, Alex and Leger, Stefan and Valli{\`{e}}res, Martin and L{\"{o}}ck, Steffen},
journal = {arXiv},
title = {{Image biomarker standardisation initiative}},
url = {http://arxiv.org/abs/1612.07003},
volume = {1612.07003},
year = {2016}
}

@book{Dau1992,
author = {Daubechies, Ingrid},
publisher = {SIAM},
title = {{Ten lectures on wavelets}},
volume = {61},
year = {1992}
}

@article{Lee2018,
  doi = {10.21105/joss.01237},
  url = {https://doi.org/10.21105/joss.01237},
  year = {2019},
  publisher = {The Open Journal},
  volume = {4},
  number = {36},
  pages = {1237},
  author = {Gregory Lee and Ralf Gommers and Filip Waselewski and Kai Wohlfahrt and Aaron O'Leary},
  title = {PyWavelets: A Python package for wavelet analysis},
  journal = {Journal of Open Source Software}
}


@incollection{Dep2017,
author = {Depeursinge, Adrien},
booktitle = {Biomedical Texture Analysis: Fundamentals, Tools and Challenges},
pages = {29--53},
publisher = {Elsevier},
series = {Elsevier-MICCAI Society Book series},
title = {{Multi-Scale and Multi-Directional Biomedical Texture Analysis: Finding the Needle in the Haystack}},
url = {https://www.elsevier.com/books/title/author/9780128121337},
year = {2017}
}

@inproceedings{Law1980,
author = {Laws, Kenneth I},
booktitle = {24th Annual Technical Symposium},
pages = {376--381},
publisher = {SPIE},
title = {{Rapid Texture Identification}},
volume = {238},
year = {1980}
}


@article{BGW2014,
author = {Balagurunathan, Yoganand and Gu, Yuhua and Wang, Hua and Kumar, Virendra and Grove, Olya and Hawkins, Sam and Kim, Jongphil and Goldgof, Dmitry B and Hall, Lawrence O and Gatenby, Robert A and Gillies, Robert J},
issn = {1936-5233},
journal = {Translational oncology},
month = {feb},
number = {1},
pages = {72--87},
pmid = {24772210},
title = {{Reproducibility and Prognosis of Quantitative Features Extracted from CT Images.}},
volume = {7},
year = {2014}
}

@article{FLS2014,
author = {Fang, Yu-Hua Dean and Lin, Chien-Yu and Shih, Meng-Jung and Wang, Hung-Ming and Ho, Tsung-Ying and Liao, Chun-Ta and Yen, Tzu-Chen},
issn = {2314-6141},
journal = {BioMed research international},
month = {mar},
pages = {248505},
pmid = {24757667},
publisher = {Hindawi},
title = {{Development and evaluation of an open-source software package ``CGITA" for quantifying tumor heterogeneity with molecular images.}},
volume = {2014},
year = {2014}
}

@article{ZFF2015,
author = {Zhang, Lifei and Fried, David V. and Fave, Xenia J. and Hunter, Luke A. and Yang, Jinzhong and Court, Laurence E.},
journal = {Medical Physics},
month = {feb},
number = {3},
pages = {1341--1353},
pmid = {25735289},
title = {{IBEX : An open infrastructure software platform to facilitate collaborative work in radiomics}},
volume = {42},
year = {2015}
}

@incollection{SzK2017,
author = {Szczypi{\'{n}}ski, Piotr M. and Klepaczko, Artur},
booktitle = {Biomedical Texture Analysis},
pages = {315--347},
publisher = {Elsevier},
title = {{MaZda – A Framework for Biomedical Image Texture Analysis and Data Exploration}},
year = {2017}
}

@article{Lambin2017,
author = {Lambin, Philippe and Leijenaar, Ralph T.H. and Deist, Timo M. and Peerlings, Jurgen and de Jong, Evelyn E.C. and van Timmeren, Janita and Sanduleanu, Sebastian and Larue, Ruben T.H.M. and Even, Aniek J.G. and Jochems, Arthur and van Wijk, Yvonka and Woodruff, Henry and van Soest, Johan and Lustberg, Tim and Roelofs, Erik and van Elmpt, Wouter and Dekker, Andre and Mottaghy, Felix M. and Wildberger, Joachim E. and Walsh, Sean},
doi = {10.1038/nrclinonc.2017.141},
journal = {Nature Reviews Clinical Oncology},
keywords = {Cancer genomics,Cancer imaging,Medical imaging,Personalized medicine},
month = {October},
number = {12},
pages = {749--762},
publisher = {Nature Publishing Group},
title = {{Radiomics: the bridge between medical imaging and personalized medicine}},
volume = {14},
year = {2017}
}

@article{Mallat1989,
author = {Mallat, Stephane G.},
journal = {IEEE Transactions on Pattern Analysis and Machine Intelligence},
number = {7},
pages = {674--693},
pmid = {18216768},
title = {{A Theory for Multiresolution Signal Decomposition: The Wavelet Representation}},
volume = {11},
year = {1989}
}


@article{Vallieres2018,
author = {Valli{\`{e}}res, Martin and Zwanenburg, Alex and Badic, Bodgan and {Cheze Le Rest}, Catherine and Visvikis, Dimitris and Hatt, Mathieu},
journal = {Journal of Nuclear Medicine},
month = {February},
number = {2},
pages = {189--193},
title = {{Responsible Radiomics Research for Faster Clinical Translation}},
volume = {59},
year = {2018}
}


@incollection{DCS2017,
author = {{Dicente Cid}, Yashin and Castelli, Joel and Schaer, Roger and Scher, Nathaniel and Pomoni, Anastasia and Prior, John and Depeursinge, Adrien},
booktitle = {Biomedical Texture Analysis: Fundamentals, Tools and Challenges},
pages = {349--377},
publisher = {Elsevier},
series = {Elsevier-MICCAI Society Book series},
title = {{QuantImage: An Online Tool for High-Throughput 3D Radiomics Feature Extraction in PET-CT}},
year = {2017}
}

@article{EBR2017,
author = {Echegaray, Sebastian and Bakr, Shaimaa and Rubin, Daniel L. and Napel, Sandy},
journal = {Journal of Digital Imaging},
month = {oct},
pages = {1--12},
publisher = {Springer International Publishing},
title = {{Quantitative Image Feature Engine (QIFE): an Open-Source, Modular Engine for 3D Quantitative Feature Extraction from Volumetric Medical Images}},
year = {2017}
}

@incollection{DFA2017,
author = {Depeursinge, Adrien and Fageot, Julien and Al-Kadi, Omar S.},
booktitle = {Biomedical Texture Analysis: Fundamentals, Tools and Challenges},
pages = {1--27},
publisher = {Elsevier},
series = {Elsevier-MICCAI Society Book series},
title = {{Fundamentals of Texture Processing for Biomedical Image Analysis: A General Definition and Problem Formulation}},
year = {2017}
}
@article{innamorati2019learning,
  title={Learning on the Edge: Investigating Boundary Filters in CNNs},
  author={Innamorati, Carlo and Ritschel, Tobias and Weyrich, Tim and Mitra, Niloy J},
  journal={International Journal of Computer Vision},
  pages={1--10},
  year={2019},
  publisher={Springer}
}


@ARTICLE{Zwanenburg2019-ky,
  title    = "Radiomics in nuclear medicine: robustness, reproducibility,
              standardization, and how to avoid data analysis traps and
              replication crisis",
  author   = "Zwanenburg, Alex",
  journal  = "Eur. J. Nucl. Med. Mol. Imaging",
  volume   =  46,
  number   =  13,
  pages    = "2638--2655",
  month    =  dec,
  year     =  2019,
  language = "en",
  issn     = "1619-7070, 1619-7089",
  pmid     = "31240330",
  doi      = "10.1007/s00259-019-04391-8"
}



@ARTICLE{Foy2018-mx,
  title    = "Variation in algorithm implementation across radiomics software",
  author   = "Foy, Joseph J and Robinson, Kayla R and Li, Hui and Giger,
              Maryellen L and Al-Hallaq, Hania and Armato, Samuel G",
  journal  = "J. Med. Imaging",
  volume   =  5,
  number   =  4,
  pages    = "044505",
  month    =  dec,
  year     =  2018,
  issn     = "1343-1420",
  doi      = "10.1117/1.JMI.5.4.044505"
}

@ARTICLE{Bogowicz2017-kh,
  title    = "Post-radiochemotherapy {PET} radiomics in head and neck cancer -
              The influence of radiomics implementation on the reproducibility
              of local control tumor models",
  author   = "Bogowicz, Marta and Leijenaar, Ralph T H and Tanadini-Lang,
              Stephanie and Riesterer, Oliver and Pruschy, Martin and Studer,
              Gabriela and Unkelbach, Jan and Guckenberger, Matthias and
              Konukoglu, Ender and Lambin, Philippe",
  journal  = "Radiother. Oncol.",
  volume   =  125,
  number   =  3,
  pages    = "385--391",
  month    =  dec,
  year     =  2017,
  language = "en",
  issn     = "0167-8140, 1879-0887",
  pmid     = "29122358",
  doi      = "10.1016/j.radonc.2017.10.023"
}

@ARTICLE{Hatt2017-zp,
  title    = "Characterization of {PET/CT} images using texture analysis: the
              past, the present… any future?",
  author   = "Hatt, Mathieu and Tixier, Florent and Pierce, Larry and Kinahan,
              Paul E and Le Rest, Catherine Cheze and Visvikis, Dimitris",
  journal  = "Eur. J. Nucl. Med. Mol. Imaging",
  volume   =  44,
  number   =  1,
  pages    = "151--165",
  month    =  jan,
  year     =  2017,
  language = "en",
  issn     = "1619-7070, 1619-7089",
  pmid     = "27271051",
  doi      = "10.1007/s00259-016-3427-0",
  pmc      = "PMC5283691"
}


@MISC{CPTAC2018-ot,
  title  = "Radiology Data from the Clinical Proteomic Tumor Analysis
            Consortium Glioblastoma Multiforme [{CPTAC-GBM}] collection",
  author = "{National Cancer Institute Clinical Proteomic Tumor Analysis
            Consortium (CPTAC)}",
  year   =  2018,
  doi    = "10.7937/k9/tcia.2018.3rje41q1"
}


@ARTICLE{Clark2013-sv,
  title    = "The Cancer Imaging Archive ({TCIA)}: maintaining and operating a
              public information repository",
  author   = "Clark, Kenneth and Vendt, Bruce and Smith, Kirk and Freymann,
              John and Kirby, Justin and Koppel, Paul and Moore, Stephen and
              Phillips, Stanley and Maffitt, David and Pringle, Michael and
              Tarbox, Lawrence and Prior, Fred",
  journal  = "J. Digit. Imaging",
  volume   =  26,
  number   =  6,
  pages    = "1045--1057",
  month    =  dec,
  year     =  2013,
  language = "en",
  issn     = "0897-1889, 1618-727X",
  pmid     = "23884657",
  doi      = "10.1007/s10278-013-9622-7",
  pmc      = "PMC3824915"
}


@ARTICLE{Zwanenburg2020-jt,
  title     = "The Image Biomarker Standardization Initiative: Standardized
               Quantitative Radiomics for {High-Throughput} Image-based
               Phenotyping",
  author    = "Zwanenburg, Alex and Valli{\`e}res, Martin and Abdalah, Mahmoud
               A and Aerts, Hugo J W L and Andrearczyk, Vincent and Apte,
               Aditya and Ashrafinia, Saeed and Bakas, Spyridon and Beukinga,
               Roelof J and Boellaard, Ronald and Bogowicz, Marta and Boldrini,
               Luca and Buvat, Ir{\`e}ne and Cook, Gary J R and Davatzikos,
               Christos and Depeursinge, Adrien and Desseroit, Marie-Charlotte
               and Dinapoli, Nicola and Dinh, Cuong Viet and Echegaray,
               Sebastian and El Naqa, Issam and Fedorov, Andriy Y and Gatta,
               Roberto and Gillies, Robert J and Goh, Vicky and G{\"o}tz,
               Michael and Guckenberger, Matthias and Ha, Sung Min and Hatt,
               Mathieu and Isensee, Fabian and Lambin, Philippe and Leger,
               Stefan and Leijenaar, Ralph T H and Lenkowicz, Jacopo and
               Lippert, Fiona and Losneg{\aa}rd, Are and Maier-Hein, Klaus H
               and Morin, Olivier and M{\"u}ller, Henning and Napel, Sandy and
               Nioche, Christophe and Orlhac, Fanny and Pati, Sarthak and
               Pfaehler, Elisabeth A G and Rahmim, Arman and Rao, Arvind U K
               and Scherer, Jonas and Siddique, Muhammad Musib and Sijtsema,
               Nanna M and Socarras Fernandez, Jairo and Spezi, Emiliano and
               Steenbakkers, Roel J H M and Tanadini-Lang, Stephanie and
               Thorwarth, Daniela and Troost, Esther G C and Upadhaya, Taman
               and Valentini, Vincenzo and van Dijk, Lisanne V and van
               Griethuysen, Joost and van Velden, Floris H P and Whybra, Philip
               and Richter, Christian and L{\"o}ck, Steffen",
  journal   = "Radiology",
  publisher = "Radiological Society of North America",
  volume     = "191145",
  month     =  mar,
  year      =  2020,
  issn      = "0033-8419",
  doi       = "10.1148/radiol.2020191145"
}

@article{FrA1991,
author = {Freeman, William T. and Adelson, Edward H.},
journal = {IEEE Transactions on Pattern Analysis and Machine Intelligence},
month = {September},
number = {9},
pages = {891--906},
title = {{The design and use of steerable filters}},
volume = {13},
year = {1991}
}


@ARTICLE{Nioche2018-jr,
  title    = "{LIFEx}: A Freeware for Radiomic Feature Calculation in
              Multimodality Imaging to Accelerate Advances in the
              Characterization of Tumor Heterogeneity",
  author   = "Nioche, Christophe and Orlhac, Fanny and Boughdad, Sarah and
              Reuz{\'e}, Sylvain and Goya-Outi, Jessica and Robert, Charlotte
              and Pellot-Barakat, Claire and Soussan, Michael and Frouin,
              Fr{\'e}d{\'e}rique and Buvat, Ir{\`e}ne",
  journal  = "Cancer Res.",
  volume   =  78,
  number   =  16,
  pages    = "4786--4789",
  month    =  aug,
  year     =  2018,
  language = "en",
  issn     = "0008-5472, 1538-7445",
  pmid     = "29959149",
  doi      = "10.1158/0008-5472.CAN-18-0125"
}


@ARTICLE{Van_Griethuysen2017-qp,
  title    = "Computational Radiomics System to Decode the Radiographic
              Phenotype",
  author   = "van Griethuysen, Joost J M and Fedorov, Andriy and Parmar,
              Chintan and Hosny, Ahmed and Aucoin, Nicole and Narayan, Vivek
              and Beets-Tan, Regina G H and Fillion-Robin, Jean-Christophe and
              Pieper, Steve and Aerts, Hugo J W L",
  journal  = "Cancer Res.",
  volume   =  77,
  number   =  21,
  pages    = "e104--e107",
  month    =  nov,
  year     =  2017,
  language = "en",
  issn     = "0008-5472, 1538-7445",
  pmid     = "29092951",
  doi      = "10.1158/0008-5472.CAN-17-0339",
  pmc      = "PMC5672828"
}


@ARTICLE{Apte2018-sf,
  title    = "Technical Note: Extension of {CERR} for computational radiomics:
              A comprehensive {MATLAB} platform for reproducible radiomics
              research",
  author   = "Apte, Aditya P and Iyer, Aditi and Crispin-Ortuzar, Mireia and
              Pandya, Rutu and van Dijk, Lisanne V and Spezi, Emiliano and
              Thor, Maria and Um, Hyemin and Veeraraghavan, Harini and Oh, Jung
              Hun and Shukla-Dave, Amita and Deasy, Joseph O",
  journal  = "Med. Phys.",
  volume   =  45,
  number   =  8,
  pages    = "3713--3720",
  month    =  aug,
  year     =  2018,
  language = "en",
  issn     = "0094-2405, 2473-4209",
  pmid     = "29896896",
  doi      = "10.1002/mp.13046"
}

@InProceedings{Dong2014,
author="Dong, Chao
and Loy, Chen Change
and He, Kaiming
and Tang, Xiaoou",
editor="Fleet, David
and Pajdla, Tomas
and Schiele, Bernt
and Tuytelaars, Tinne",
title="Learning a Deep Convolutional Network for Image Super-Resolution",
booktitle="Computer Vision -- ECCV 2014",
year="2014",
publisher="Springer International Publishing",
address="Cham",
pages="184--199",
}

@inproceedings{Prasanna2014,
author = {Prasanna, Prateek and Tiwari, Pallavi and Madabhushi, Anant},
booktitle = {Lecture Notes in Computer Science (including subseries Lecture Notes in Artificial Intelligence and Lecture Notes in Bioinformatics)},
number = {PART 3},
pages = {73--80},
publisher = {Springer Verlag},
title = {{Co-occurrence of Local Anisotropic Gradient Orientations (CoLlAGe): Distinguishing tumor confounders and molecular subtypes on MRI}},
volume = {8675 LNCS},
year = {2014}
}

@ARTICLE{Tustison2010-zb,
  title    = "{N4ITK}: improved {N3} bias correction",
  author   = "Tustison, Nicholas J and Avants, Brian B and Cook, Philip A and
              Zheng, Yuanjie and Egan, Alexander and Yushkevich, Paul A and
              Gee, James C",
  journal  = "IEEE Trans. Med. Imaging",
  volume   =  29,
  number   =  6,
  pages    = "1310--1320",
  month    =  jun,
  year     =  2010,
  language = "en",
  issn     = "0278-0062, 1558-254X",
  pmid     = "20378467",
  doi      = "10.1109/TMI.2010.2046908",
  pmc      = "PMC3071855"
}

@ARTICLE{Vallieres2015-tf,
  title    = "A radiomics model from joint {FDG-PET} and {MRI} texture features
              for the prediction of lung metastases in soft-tissue sarcomas of
              the extremities",
  author   = "Valli{\`e}res, M and Freeman, C R and Skamene, S R and El Naqa, I",
  journal  = "Phys. Med. Biol.",
  volume   =  60,
  number   =  14,
  pages    = "5471--5496",
  month    =  jul,
  year     =  2015,
  language = "en",
  issn     = "0031-9155, 1361-6560",
  pmid     = "26119045",
  doi      = "10.1088/0031-9155/60/14/5471"
}

@MISC{Vallieres2015-hv,
  title     = "Data from: A radiomics model from joint {FDG-PET} and {MRI}
               texture features for the prediction of lung metastases in
               soft-tissue sarcomas of the extremities",
  author    = "Valli{\`e}res, Martin and Freeman, Carolyn R and Skamene, Sonia
               R and El Naqa, Issam",
  publisher = "The Cancer Imaging Archive",
  year      =  2015,
  doi       = "10.7937/K9/TCIA.2015.7GO2GSKS"
}

@ARTICLE{Mongan2020-rn,
  title     = "Checklist for Artificial Intelligence in Medical Imaging
               ({CLAIM)}: A Guide for Authors and Reviewers",
  author    = "Mongan, John and Moy, Linda and Kahn, Charles E",
  journal   = "Radiology: Artificial Intelligence",
  publisher = "Radiological Society of North America",
  volume    =  2,
  number    =  2,
  pages     = "e200029",
  month     =  mar,
  year      =  2020,
  doi       = "10.1148/ryai.2020200029"
}

@ARTICLE{Jha2022-jw,
  title    = "Nuclear Medicine and Artificial Intelligence: Best Practices for
              Evaluation (the {RELAINCE} guidelines)",
  author   = "Jha, Abhinav K and Bradshaw, Tyler J and Buvat, Ir{\`e}ne and
              Hatt, Mathieu and Kc, Prabhat and Liu, Chi and Obuchowski, Nancy
              F and Saboury, Babak and Slomka, Piotr J and Sunderland, John J
              and Wahl, Richard L and Yu, Zitong and Zuehlsdorff, Sven and
              Rahmim, Arman and Boellaard, Ronald",
  journal  = "J. Nucl. Med.",
  month    =  may,
  year     =  2022,
  language = "en",
  issn     = "0161-5505, 1535-5667",
  pmid     = "35618476",
  doi      = "10.2967/jnumed.121.263239",
  pmc      = "PMC9454473"
}

@ARTICLE{Hatt2022-uo,
  title   = "Joint {EANM/SNMMI} guideline on radiomics in nuclear medicine",
  author  = "Hatt, M and Krizsan, A K and Rahmim, A and Bradshaw, T J and
             Costa, P F and Forgacs, A and Seifert, R and Zwanenburg, A and El
             Naqa, I and Kinahan, P E and Tixier, F and Jha, A K and Visvikis,
             D",
  journal = "Eur. J. Nucl. Med. Mol. Imaging",
  month   =  nov,
  year    =  2022,
  issn    = "1619-7070",
  doi     = "10.1007/s00259-022-06001-6"
}

@ARTICLE{Collins2015-lx,
  title    = "Transparent Reporting of a multivariable prediction model for
              Individual Prognosis Or Diagnosis ({TRIPOD)}: the {TRIPOD}
              Statement",
  author   = "Collins, G S and Reitsma, J B and Altman, D G and Moons, K G M",
  journal  = "Br. J. Surg.",
  volume   =  102,
  number   =  3,
  pages    = "148--158",
  month    =  feb,
  year     =  2015,
  language = "en",
  issn     = "0007-1323, 1365-2168",
  pmid     = "25627261",
  doi      = "10.1002/bjs.9736"
}
